<?xml version="1.0" encoding="UTF-8"?><collection xmlns="http://www.loc.gov/MARC21/slim"><record><leader>00559nam--2200181-i-4500</leader><controlfield tag="001">000011471</controlfield><controlfield tag="002">20161230</controlfield><controlfield tag="005">20170102220940</controlfield><controlfield tag="008">060222s1000------------r-----000-0-eng-d</controlfield><datafield ind1=" " ind2=" " tag="040"><subfield code="a">IFIN-HH</subfield></datafield><datafield ind1=" " ind2=" " tag="080"><subfield code="a">539.16:541.15:539.1.07</subfield></datafield><datafield ind1="1" ind2=" " tag="100"><subfield code="a">Duplan, J. F</subfield></datafield><datafield ind1="1" ind2="0" tag="245"><subfield code="a">Advances in radiation research</subfield><subfield code="b">Physics and chemistry volume 1</subfield><subfield code="c">J.F. Duplan, A. Chapiro (eds.)</subfield></datafield><datafield ind1=" " ind2=" " tag="260"><subfield code="a">New York</subfield><subfield code="b">Gordon And Breach Science Publishers</subfield><subfield code="c">1973</subfield></datafield><datafield ind1=" " ind2=" " tag="300"><subfield code="a">XII + 346 P</subfield></datafield><datafield ind1="1" ind2=" " tag="700"><subfield code="a">Chapiro, A</subfield><subfield code="e">Ed</subfield></datafield><datafield ind1=" " ind2=" " tag="852"><subfield code="a">42574</subfield><subfield code="c">539.1.07:539.1.08</subfield></datafield><datafield ind1=" " ind2=" " tag="CAT"><subfield code="a">SYS</subfield><subfield code="c">20170102</subfield><subfield code="h">220940</subfield></datafield></record></collection>